
% RUSSEL, Stuart Jonathan and NORVIG, Peter - Artificial Intelligence: a mordern approach
% https://arxiv.org/pdf/1312.5602.pdf
% http://incompleteideas.net/book/bookdraft2017nov5.pdf
% https://books.google.com.br/books?id=sWV0DwAAQBAJ&printsec=frontcover&dq=reinforcement+learning+an+introduction+sutton+barto&hl=en&sa=X&ved=0ahUKEwiCyIzqj9feAhXChZAKHWuXAAQQ6AEIKjAA#v=onepage&q=reinforcement%20learning%20an%20introduction%20sutton%20barto&f=false

% RMSProp, slide 29: http://www.cs.toronto.edu/~tijmen/csc321/slides/lecture_slides_lec6.pdf

@Book{russel2016artificial,
  title={Artificial Intelligence: A Morden Approach},
  author={Russel, S., and Norvig, P.},
  isbn={9781292153964},
  year={2016},
  publisher={Pearson}
}

@Book{sutton2018reinforcement,
  title={Reinforcement learning: an introduction},
  author={Sutton, Richard S., and Barto, Andrew G.},
  isbn={9780262039246},
  year={2018},
  publisher={MIT Press}
}

%@ARTICLE{2013arXiv1312.5602M,
%  author = {{Mnih}, V. and {Kavukcuoglu}, K. and {Silver}, D. and {Graves}, A. and 
%	{Antonoglou}, I. and {Wierstra}, D. and {Riedmiller}, M.},
%    title = "{Playing Atari with Deep Reinforcement Learning}",
%  journal = {ArXiv e-prints},
%archivePrefix = "arXiv",
%   eprint = {1312.5602},
% keywords = {Computer Science - Machine Learning},
%     year = 2013,
%    month = dec,
%   adsurl = {http://adsabs.harvard.edu/abs/2013arXiv1312.5602M},
%  adsnote = {Provided by the SAO/NASA Astrophysics Data System}
%}


#@Book{
#  jessegamedesign,
#  author   = {Jesse Schell},
#  editor   = {Morgan Kaufmann Publishers},
#  title    = {The Art of Game Design: A Book of Lenses},
#  year     = {2008},
#  month    = {Agosto},
#  number   = {ISBN-10: 0123694965 ISBN-13: 978-0123694966},
#  edition  = {Primeira}
#}


#@Book{
#  ernestgamedesign,
#  author   = {Ernest Adams},
#  title    = {Fundamentals of Game Design},
#  year     = {2010},
#  month    = {Janeiro},
#  number   = {ISBN-10: 0321929675 ISBN-13: 978-0321929679},
#  edition  = {Segunda},
#  editor   = {New Riders Publishing}
#}

#@Book{
#  robertgameloop,
#  author   = {Robert Nystrom},
#  title    = {Game Programming Patterns},
#  year     = {2014},
#  month    = {Setembro},
#  number   = {ISBN-10: 0990582906 ISBN-13: 978-0990582908},
#  edition  = {Primeira},
#  editor   = {Genever Benning},
#}

#@Misc{
#  kleberkanban,
#  author = {Kleber Bernardo},
#  title  = {Kanban: Do início ao fim!},
#  year   = {2014},
#  month  = {Dezembro},
#  howpublished = {https://www.culturaagil.com.br/kanban-do-inicio-ao-fim/},
#  publisher = {Cultura Ágil},
#}

#@Misc{
#  martinpetri,
#  author = {Martin Jonasson e Petri Purho},
#  title  = {Juice it or Lose it},
#  year   = {2012},
#  howpublished = {https://www.gdcvault.com/play/1016487/Juice-It-or-Lose}
#}
#
#
#@Misc{
# mario,
# author = {Nintendo Company, Limited},
# title  = {Super Mario Bros.},
# year   = {1985},
# month  = {Setembro},
# location = {Japão},
# howpublished = {[Nintendo Entertainment System]},
# publisher = {Nintendo}
#}
#
#@Misc{
#  hotline,
#  author = {Dennaton Games},
#  title  = {Hotline Miami},
#  year   = {2012},
#  month  = {Outubro},
#  publisher = {Devolver Digital},
#  note = {http://www.devolverdigital.com/games/view/hotline-miami},
#}
#
#@Misc{
#  touhou,
#  author = {ZUN},
#  title  = {Touhou Project},
#  year   = {1996},
#  publisher = {Amusement Makers, Microsoft},
#  note = {https://en.wikipedia.org/wiki/Touhou\_Project},
#}
#
#@Misc{
#  hexagon,
#  author = {Terry Cavanagh},
#  title  = {Hexagon},
#  year   = {2012},
#  publisher = {Terry Cavanagh Games},
#  note = {http://terrycavanaghgames.com/hexagon/},
#}
